@Book{xie2015,
  title = {Dynamic Documents with {R} and knitr},
  author = {Yihui Xie},
  publisher = {Chapman and Hall/CRC},
  address = {Boca Raton, Florida},
  year = {2015},
  edition = {2nd},
  note = {ISBN 978-1498716963},
  url = {http://yihui.org/knitr/},
}

@book{westfall2020,
  author    = {Peter Westfall},
  title     = {Understanding Regression Analysis: An Conditional Distribution Approach},
  publisher = {Wiley},
  year      = {2020}
}